
@InProceedings{semanticasts,
	author="Findler, Robert Bruce and Flatt, Matthew and Felleisen, Matthias",
	title="Semantic Casts: Contracts and Structural Subtyping in a Nominal World",
	booktitle="European Conference on Object-Oriented Programming (ECOOP)",
	year="2004",
	doi = "https://doi.org/10.1007/978-3-540-24851-4_17"
}

@article{GS13,
  _order = {1},
  author = {Esteban Allende and Oscar Calla{\'{u}} and Johan Fabry and {\'{E}}ric Tanter and Marcus Denker},
  title = {Gradual typing for {Smalltalk}},
  journal = {Science of Computer Programming},
  volume = {96},
  year = {2014},
  doi = {10.1016/j.scico.2013.06.006},
}

@article{OnlyMostly,
  _order = {2},
  author = {Bauman, Spenser and Bolz-Tereick, Carl Friedrich and Siek, Jeremy and Tobin-Hochstadt, Sam},
  title = {Sound Gradual Typing: Only Mostly Dead},
  journal = {Proc. ACM Program. Lang.},
  issue_date = {October 2017},
  volume = {1},
  number = {OOPSLA},
  year = {2017},
  articleno = {54},
  doi = {10.1145/3133878},
}

@inproceedings{BAT14,
  _order = {3},
  author = {Gavin Bierman and Martin Abadi and Mads Torgersen},
  title = {Understanding {TypeScript}},
  year = {2014},
  booktitle = {European Conference on Object-Oriented Programming (ECOOP)},
  doi = {10.1007/978-3-662-44202-9_11},
}

@inproceedings{Bierman10,
  _order = {4},
  author = {Gavin M. Bierman and Erik Meijer and Mads Torgersen},
  title = {Adding Dynamic Types to {C\#}},
  booktitle = {European Conference on Object-Oriented Programming (ECOOP)},
  year = {2010},
  doi = {10.1007/978-3-642-14107-2_5},
}

@inproceedings{oopsla09,
  _order = {5},
  title = {Thorn: Robust, Concurrent, Extensible Scripting on the {JVM}},
  author = {Bard Bloom and John Field and Nathaniel Nystrom and Johan \"Ostlund and Gregor Richards and Rok Strnisa and Jan Vitek and Tobias Wrigstad},
  booktitle = {Conference on Object Oriented Programming Systems Languages and Applications (OOPSLA)},
  doi = {10.1145/1639950.1640016},
  year = {2009},
}

@inproceedings{pluggabletypes,
  _order = {6},
  author = {Gilad Bracha},
  booktitle = {OOPSLA 2004 Workshop on Revival of Dynamic Languages},
  doi = {10.1145/1167473.1167479},
  title = {Pluggable Type Systems},
  year = {2004},
}

@inproceedings{Bracha93,
  _order = {7},
  author = {Gilad Bracha and David Griswold},
  title = {Strongtalk: Typechecking {Smalltalk} in a Production Environment},
  booktitle = {Conference on Object Oriented Programming Systems Languages and Applications (OOPSLA)},
  year = {1993},
  doi = {10.1145/165854.165893},
}

@inproceedings{cardelli1985amber,
  _order = {8},
  title = {Amber},
  author = {Cardelli, Luca},
  booktitle = {LITP Spring School on Theoretical Computer Science},
  pages = {21--47},
  year = {1985},
  organization = {Springer},
}

@inproceedings{StructuralTypesOnJVM,
  _order = {9},
  author = {Dubochet, Gilles and Odersky, Martin},
  title = {Compiling Structural Types on the {JVM}: A Comparison of Reflective and Generative Techniques from {Scala}'s Perspective},
  booktitle = {Workshop on the Implementation, Compilation, Optimization of Object-Oriented Languages and Programming Systems (ICOOLPS)},
  year = {2009},
  doi = {10.1145/1565824.1565829},
}

@inproceedings{ff-icfp02,
  _order = {10},
  author = {Robert Findler and Matthias Felleisen},
  title = {Contracts for higher-order functions},
  year = {2002},
  doi = {10.1145/581478.581484},
  booktitle = {Proceedings of the ACM SIGPLAN International Conference on Functional Programming},
}

@article{greenman18,
  _order = {11},
  author = {Ben Greenman and Matthias Felleisen},
  journal = {Proc. ACM PL (ICFP), to appear},
  title = {A Spectrum of Soundness and Performance},
  year = {2018},
}

@article{FJ,
  _order = {12},
  author = {Atsushi Igarashi and Benjamin C. Pierce and Philip Wadler},
  title = {{F}eatherweight {J}ava: a minimal core calculus for {J}ava and {GJ}},
  journal = {ACM Trans. Program. Lang. Syst.},
  volume = {23},
  number = {3},
  year = {2001},
  doi = {10.1145/503502.503505},
}

@inproceedings{JonesStructural,
  _order = {13},
  author = {Jones, Timothy and Pearce, David J.},
  title = {A Mechanical Soundness Proof for Subtyping Over Recursive Types},
  booktitle = {Workshop on Formal Techniques for Java-like Programs (FTfJP)},
  year = {2016},
  doi = {10.1145/2955811.2955812},
}

@article{Muehlboeck2017,
  _order = {14},
  author = {Muehlboeck, Fabian and Tate, Ross},
  title = {Sound Gradual Typing is Nominally Alive and Well},
  journal = {Proc. ACM Program. Lang.},
  volume = {1},
  number = {OOPSLA},
  year = {2017},
  doi = {10.1145/3133880},
}

@inproceedings{pierce:1998:local,
  _order = {15},
  author = {Benjamin C. Pierce and David N. Turner},
  booktitle = {Symposium on Principles of Programming Languages (POPL)},
  doi = {10.1145/345099.345100},
  title = {Local Type Inference},
  year = {1998},
}

@article{richards-bettermono,
  _order = {16},
  author = {Richards, Gregor and Arteca, Ellen and Turcotte, Alexi},
  title = {The {VM} Already Knew That: Leveraging Compile-time Knowledge to Optimize Gradual Typing},
  journal = {Proc. ACM Program. Lang.},
  volume = {1},
  number = {OOPSLA},
  year = {2017},
  doi = {10.1145/3133879},
}

@inproceedings{ecoop15,
  _order = {17},
  author = {Gregor Richards and Francesco {Zappa Nardelli} and Jan Vitek},
  title = {Concrete Types for {TypeScript}},
  booktitle = {European Conference on Object-Oriented Programming (ECOOP)},
  year = {2015},
  doi = {10.4230/LIPIcs.ECOOP.2015.76},
}

@inproceedings{SiekTaha06,
  _order = {18},
  author = {Jeremy Siek},
  title = {Gradual Typing for Functional Languages},
  booktitle = {Scheme and Functional Programming Workshop},
  year = {2006},
  _note = {\url{http://ecee.colorado.edu/~siek/pubs/pubs/2006/siek06_gradual.pdf}},
  url = {http://ecee.colorado.edu/~siek/pubs/pubs/2006/siek06_gradual.pdf},
}

@inproceedings{SiekTaha07,
  _order = {19},
  title = {Gradual Typing for Objects},
  author = {Jeremy Siek and Walid Taha},
  booktitle = {European Conference on Object-Oriented Programming (ECOOP)},
  year = {2007},
  doi = {10.1007/978-3-540-73589-2_2},
}

@inproceedings{GradualGuarantee,
  _order = {20},
  author = {Jeremy G. Siek and Michael M. Vitousek and Matteo Cimini and John Tang Boyland},
  title = {Refined Criteria for Gradual Typing},
  booktitle = {Summit on Advances in Programming Languages (SNAPL)},
  year = {2015},
  doi = {10.4230/LIPIcs.SNAPL.2015.274},
}

@inproceedings{popl16,
  _order = {21},
  author = {Asumu Takikawa and Daniel Feltey and Ben Greenman and Max New and Jan Vitek and Matthias Felleisen},
  title = {Is sound gradual typing dead?},
  booktitle = {Symposium on Principles of Programming Languages (POPL)},
  year = {2016},
  doi = {10.1145/2837614.2837630},
}

@inproceedings{Takikawa:2012,
  _order = {22},
  author = {Takikawa, Asumu and Strickland, T. Stephen and Dimoulas, Christos and Tobin-Hochstadt, Sam and Felleisen, Matthias},
  title = {Gradual Typing for First-class Classes},
  doi = {10.1145/2398857.2384674},
  booktitle = {Conference on Object Oriented Programming Systems Languages and Applications (OOPSLA)},
  year = {2012},
}

@misc{dart13,
  _order = {23},
  title = {Dart Programming Language Specification},
  author = {The Dart Team},
  year = {2016},
  _note = {\url{http://dartlang.org}},
  url = {http://dartlang.org},
}

@misc{hack13,
  _order = {24},
  title = {Hack},
  author = {The Facebook Hack Team},
  year = {2016},
  _note = {\url{http://hacklang.org}},
  url = {http://hacklang.org},
}

@inproceedings{tf-dls06,
  _order = {25},
  author = {Sam Tobin-Hochstadt and Matthias Felleisen},
  title = {Interlanguage migration: from scripts to programs},
  year = {2006},
  doi = {10.1145/1176617.1176755},
  booktitle = {Symposium on Dynamic languages (DLS)},
}

@inproceedings{tf-popl08,
  _order = {26},
  author = {Sam Tobin-Hochstadt and Matthias Felleisen},
  title = {The design and implementation of typed {Scheme}},
  year = {2008},
  doi = {10.1145/1328438.1328486},
  booktitle = {Symposium on Principles of Programming Languages (POPL)},
}

@inproceedings{siek14,
  _order = {27},
  author = {Vitousek, Michael and Kent, Andrew and Siek, Jeremy and Baker, Jim},
  title = {Design and Evaluation of Gradual Typing for {P}ython},
  booktitle = {Symposium on Dynamic languages (DLS)},
  year = {2014},
  doi = {10.1145/2661088.2661101},
}

@inproceedings{Vitousek2017,
  _order = {28},
  author = {Vitousek, Michael M. and Swords, Cameron and Siek, Jeremy G.},
  title = {Big Types in Little Runtime: Open-world Soundness and Collaborative Blame for Gradual Type Systems},
  booktitle = {Symposium on Principles of Programming Languages (POPL)},
  year = {2017},
  doi = {10.1145/3009837.3009849},
}

@inproceedings{popl10,
  _order = {29},
  author = {Tobias Wrigstad and Francesco Zappa Nardelli and Sylvain Lebresne and Johan {\"O}stlund and Jan Vitek},
  title = {Integrating typed and untyped code in a scripting language},
  year = {2010},
  doi = {10.1145/1706299.1706343},
  booktitle = {Symposium on Principles of Programming Languages (POPL)},
}
