@Inbook{Siek2015,
author="Siek, Jeremy G.
and Vitousek, Michael M.
and Cimini, Matteo
and Tobin-Hochstadt, Sam
and Garcia, Ronald",
editor="Vitek, Jan",
title="Monotonic References for Efficient Gradual Typing",
bookTitle="Programming Languages and Systems: 24th European Symposium on Programming, ESOP 2015, Held as Part of the European Joint Conferences on Theory and Practice of Software, ETAPS 2015, London, UK, April 11-18, 2015, Proceedings",
year="2015",
publisher="Springer Berlin Heidelberg",
address="Berlin, Heidelberg",
pages="432--456",
isbn="978-3-662-46669-8",
doi="10.1007/978-3-662-46669-8_18",
url="http://dx.doi.org/10.1007/978-3-662-46669-8_18"
}

