 @article{PluggableTypes,
 author = {Gilad Bracha},
 title = {Pluggable Type Systems},
 year = {2004},
 journal = {OOPSLA Workshop on Revival of Dynamic Languages} }

@inproceedings{Bracha93,
  author   = {Gilad Bracha and David Griswold},
  title    = {Strongtalk: Typechecking {Smalltalk} in a Production Environment},
  booktitle= {OOPSLA},
  year      = {1993}}

@misc{hack13,
title = "Hack for {HipHop}",
author = "Julien Verlaguet",
note = "{CUFP}, \url{http://tinyurl.com/lk8fy9q}.",
xxxmonth= Sep,
year= 2013}

@techreport{dart13,
title = "Dart Programming Language Specification -- Draft Version 0.8",
author = "The Dart Team",
month= Nov,
year= 2013}

@techreport{typescript13,
title = "TypeScript -- Language Specification Version 0.9.1",
author = "Microsoft",
month = Aug,
year = 2013}

@inproceedings{tf-dls06,
  author    = {Sam Tobin-Hochstadt and
               Matthias Felleisen},
  title     = {Interlanguage migration: from scripts to programs},
  year      = {2006},
  xxpages     = {964-974},
  xxee        = {http://doi.acm.org/10.1145/1176617.1176755},
  booktitle = {DLS} } 

@inproceedings{SiekTaha06,
    author = {Jeremy G. Siek},
    title = {{G}radual {T}yping for {F}unctional {L}anguages},
    booktitle = {Scheme and Functional Programming Workshop},
    year = {2006},
    XXXpages = {81--92}
}

@inproceedings{Wadler09,
  author    = {Philip Wadler and Robert Bruce Findler},
  title     = {Well-Typed Programs Can't Be Blamed},
  year      = {2009},
  booktitle = {ESOP}}

@InProceedings{oopsla09,
  title = "Thorn---Robust, Concurrent, Extensible Scripting on the {JVM}",
  author = {Bard Bloom and John Field and  Nathaniel Nystrom and  Johan 
            \"Ostlund and Gregor Richards and Rok Strnisa and Jan Vitek
            and Tobias Wrigstad},
   booktitle = "OOPSLA",
   XXXmonth     = oct,
   year = 2009}

@inproceedings{guha10ECOOP,
	Author = {Arjun Guha and Claudiu Saftoiu and Shriram Krishnamurthi},
	Booktitle = {ECOOP},
	Doi = {10.1007/978-3-642-14107-2_7},
	XXXPages = {126-150},
	Title = {The Essence of {JavaScript}},
	Year = {2010},
}

@inproceedings{wurthinger2013one,
  title={One {VM} to rule them all},
  author={W{\"u}rthinger, Thomas and Wimmer, Christian and W{\"o}ss, Andreas and Stadler, Lukas and Duboscq, Gilles and Humer, Christian and Richards, Gregor and Simon, Doug and Wolczko, Mario},
  booktitle={Onwards!},
  xxpages={187--204},
  year={2013},
  xxorganization={ACM}
}

@inproceedings{BAT14,
  author = {Gavin Bierman and Martin Abadi  and Mads Torgersen},
  title = {Understanding {TypeScript}},
  year = 2014,
  booktitle = {ECOOP}} 

@inproceedings{Suzuki81,
 author = {Suzuki, Norihisa},
 title = {Inferring types in Smalltalk},
 booktitle = {POPL},
 year = {1981},
 XXXpages = {187--199},
 doi = {10.1145/567532.567553},
} 

@inproceedings{Borning82,
 author = {Borning, Alan H. and Ingalls, Daniel H. H.},
 title = {A type declaration and inference system for {S}malltalk},
 booktitle = {POPL},
 year = {1982},
 XXXpages = {133--141},
   doi = {10.1145/582153.582168},
 } 

@inproceedings{SoftTyping,
 author = {Robert Cartwright and Mike Fagan},
 title = {{S}oft {T}yping},
 booktitle = {PLDI},
 year = {1991}}

@inproceedings{bracha96,
 author = {Gilad Bracha},
 title = {The {Strongtalk} Type System for {Smalltalk}},
 year = {1996},
 booktitle = {OOPSLA Workshop on Extending the Smalltalk Language} }

@inproceedings{ff-oopsla01,
  author    = {Robert Bruce Findler and
               Matthias Felleisen},
  title     = {Contract Soundness for Object-Oriented Languages},
  booktitle = {OOPSLA},
  year      = {2001},
  xxpages     = {1-15},
  xxee        = {http://doi.acm.org/10.1145/504282.504283},
}

@inproceedings{ff-icfp02,
  author    = {Robert Bruce Findler and
               Matthias Felleisen},
  title     = {Contracts for higher-order functions},
  year      = {2002},
  xxpages     = {48-59},
  xxee        = {http://doi.acm.org/10.1145/581478.581484},
  xxcrossref  = {DBLP:conf/icfp/2002},
  xxbibsource = {DBLP, http://dblp.uni-trier.de},
  booktitle     = {ICFP},
}

@inproceedings{fff-ecoop04,
  author    = {Robert Bruce Findler and
               Matthew Flatt and
               Matthias Felleisen},
  title     = {Semantic Casts: Contracts and Structural Subtyping in a
               Nominal World},
  year      = {2004},
  xxpages   = {364-388},
  xxee      = {http://dx.doi.org/10.1007/978-3-540-24851-4_17},
  booktitle = {ECOOP} }

@inproceedings{tf-popl08,
  author    = {Sam Tobin-Hochstadt and
               Matthias Felleisen},
  title     = {The design and implementation of typed {Scheme}},
  year      = {2008},
  xxpages     = {395-406},
  xxee        = {http://doi.acm.org/10.1145/1328438.1328486},
  booktitle     = {POPL} }


@phdthesis{sth10,
 title = {Typed {Scheme}: {From} Scripts to Programs},
 author = {Sam Tobin-Hochstadt },
 year = 2010,
 institution= {Northeastern University}
}

@inproceedings{SiekTaha07,
  title = {Gradual Typing for Objects},
  author = {Jeremy Siek and Walid Taha},
 booktitle = {ECOOP},
  year = {2007}}
  XXpages = {2--27},
  doi = {10.1007/978-3-540-73589-2_2},
}

@techreport{siek13,
  title = {Gradual Typing for Mutable Objects},
  author = { Jeremy G. Siek and Michael  Vitousek and Shashank Bharadwaj},
  institution = {Indiana University},
 ee = {http://ecee.colorado.edu/~siek/gtmo.pdf},
  year = {2013}}

@techreport{siek14,
  title = {Design and Evaluation of Gradual Typing for {P}ython},
  author = {Jeremy Siek and  Michael Vitousek and Andrew Kent and Jim Baker},
  institution = {Indiana University},
url={http://wphomes.soic.indiana.edu/jsiek/files/2014/03/retic-python.pdf},
  year =2014
}

@inproceedings{popl10,
  author    = {Tobias Wrigstad and
               Zappa Nardelli, Francesco and
               Sylvain Lebresne and
               Johan {\"O}stlund and
               Jan Vitek},
  title     = {Integrating typed and untyped code in a scripting language},
  year      = 2010,
  xxxpages     = {377-388},
  booktitle = {POPL}}



@article{Gapeyev:2002,
    author = {Vladimir Gapeyev and Michael Levin and Benjamin Pierce},
    title = {Recursive Subtyping Revealed},
    journal = {Journal of Functional Programming},
    year = {2002},
    volume = {12},
    number = {6},
    pages = {511-548},
}

@inproceedings{ecoop11,
  title = "The Eval that Men Do: A Large-scale Study of the Use of Eval in {JavaScript} Applications",
  author = "Gregor Richards and	Christian Hammer and Brian Burg and Jan Vitek",
  year = 2011,
  booktitle = "ECOOP",
  doi = {10.1007/978-3-642-22655-7_4}}

@article{FJ,
 author = {Atsushi Igarashi and Benjamin C. Pierce and Philip Wadler},
 title = {{F}eatherweight {J}ava: a minimal core calculus for {J}ava and
                  {GJ}},
 journal = {ACM Trans. Program. Lang. Syst.},
 volume = {23},
 number = {3},
 year = {2001}}

@misc{crockford,
        Author = { Douglas Crockford},
     title = {Classical inheritance in {J}ava{S}cript},
howpublished = {\url{http://www.crockford.com/javascript/inheritance.html}}
}

@techreport{plt-tr1,
  title       = {Reference: Racket},
  author      = {Matthew Flatt and PLT},
  number      = {PLT-TR-2010-1},
  institution = {PLT Design Inc.},
  year        = {2010},
  note        = {\url{http://racket-lang.org/tr1/}}
}

@inproceedings{safe-typescript,
 author={Aseem Rastogi and Nikhil Swamy and Cedric Fournet and Gavin Bierman and Panagiotis Vekris},
 booktitle={POPL (to appear)},
 title={Safe and Efficient Gradual Typing for {T}ype{S}cript},
 year=2015}

@inproceedings{swamy2014gradual,
  title={Gradual typing embedded securely in {JavaScript}},
  author={Swamy, Nikhil and Fournet, C{\'e}dric and Rastogi, Aseem and Bhargavan, Karthikeyan and Chen, Juan and Strub, Pierre-Yves and Bierman, Gavin},
  booktitle={Proceedings of the 41st annual ACM SIGPLAN-SIGACT symposium on Principles of programming languages},
  xxpages={425--438},
  year={2014},
  xxorganization={ACM}
}
