@article{PluggableTypes,
 author = {Gilad Bracha},
 title = {Pluggable Type Systems},
 year = {2004},
 journal = {OOPSLA Workshop on Revival of Dynamic Languages} }

@inproceedings{Bracha93,
  author   = {Gilad Bracha and David Griswold},
  title    = {Strongtalk: Typechecking {Smalltalk} in a Production Environment},
  booktitle= {OOPSLA},
  year      = {1993},
  doi = {10.1145/165854.165893},
  note = {doi:\doi{10.1145/165854.165893}},
}

@techreport{typescript13,
title = "{T}ype{S}cript -- Language Specification Version 0.9.1",
author = "Microsoft",
month = Aug,
year = 2013}

@inproceedings{tf-dls06,
  author    = {Sam Tobin-Hochstadt and
               Matthias Felleisen},
  title     = {Interlanguage migration: from scripts to programs},
  year      = {2006},
  xxpages     = {964-974},
  xxee        = {http://doi.acm.org/10.1145/1176617.1176755},
  note = {doi:\doi{10.1145/1176617.1176755}},
  booktitle = {DLS} } 

@inproceedings{SiekTaha06,
    author = {Jeremy Siek},
    title = {Gradual Typing for Functional Languages},
    booktitle = {Scheme and Functional Programming Workshop},
    year = {2006},
    XXXpages = {81--92}
}

@InProceedings{oopsla09,
  title = "Thorn---Robust, Concurrent, Extensible Scripting on the {JVM}",
  author = {Bard Bloom and John Field and  Nathaniel Nystrom and  Johan 
            \"Ostlund and Gregor Richards and Rok Strnisa and Jan Vitek
            and Tobias Wrigstad},
   booktitle = "OOPSLA",
   XXXmonth     = oct,
   year = 2009,
   doi = {10.1145/1639949.1640098},
   note = {doi:\doi{10.1145/1639949.1640098}},
}

@inproceedings{guha10ECOOP,
	Author = {Arjun Guha and Claudiu Saftoiu and Shriram Krishnamurthi},
	Booktitle = {ECOOP},
	Doi = {10.1007/978-3-642-14107-2_7},
        note={doi:\doi{10.1007/978-3-642-14107-2_7}},
        XXXPages = {126-150},
	Title = {The Essence of {JavaScript}},
	Year = {2010},
}

@inproceedings{wurthinger2013one,
  title={One {VM} to rule them all},
  author={W{\"u}rthinger, Thomas and Wimmer, Christian and W{\"o}ss, Andreas and Stadler, Lukas and Duboscq, Gilles and Humer, Christian and Richards, Gregor and Simon, Doug and Wolczko, Mario},
  booktitle={Onwards!},
  xxpages={187--204},
  year={2013},
  xxorganization={ACM},
  note={doi:\doi{10.1145/2509578.2509581}},
}

@inproceedings{BAT14,
  author = {Gavin Bierman and Martin Abadi  and Mads Torgersen},
  title = {Understanding {TypeScript}},
  year = 2014,
  booktitle = {ECOOP},
  doi={10.1007/978-3-662-44202-9_11},
  url={http://dx.doi.org/10.1007/978-3-662-44202-9_11},
  note={doi:\doi{10.1007/978-3-662-44202-9_11}}
}

@inproceedings{Bierman10,
  author    = {Gavin M. Bierman and Erik Meijer and Mads Torgersen},
  title     = {Adding Dynamic Types to C\#},
  booktitle = {ECOOP},
  year      = {2010},
  url       = {http://dx.doi.org/10.1007/978-3-642-14107-2_5},
  doi       = {10.1007/978-3-642-14107-2_5},
}

@inproceedings{ecoop15,
 author = "Gregor Richards and Francesco {Zappa Nardelli} 
           and Jan Vitek",
 title = "Concrete Types for TypeScript",
 booktitle = "ECOOP",
 year = 2015}


@inproceedings{Suzuki81,
 author = {Suzuki, Norihisa},
 title = {Inferring types in {S}malltalk},
 booktitle = {POPL},
 year = {1981},
 XXXpages = {187--199},
 doi = {10.1145/567532.567553},
 note={doi:\doi{10.1145/567532.567553}},
} 

@inproceedings{Borning82,
 author = {Borning, Alan H. and Ingalls, Daniel H. H.},
 title = {A type declaration and inference system for {S}malltalk},
 booktitle = {POPL},
 year = {1982},
 XXXpages = {133--141},
 doi = {10.1145/582153.582168},
 note={doi:\doi{10.1145/582153.582168}},
 } 

@inproceedings{SoftTyping,
 author = {Robert Cartwright and Mike Fagan},
 title = {{S}oft {T}yping},
 booktitle = {PLDI},
 year = {1991},
 doi = {10.1145/113446.113469},
 note = {doi:\doi{10.1145/113446.113469}},
}

@inproceedings{bracha96,
 author = {Gilad Bracha},
 title = {The {Strongtalk} Type System for {Smalltalk}},
 year = {1996},
 booktitle = {OOPSLA Workshop on Extending the Smalltalk Language} }

@inproceedings{ff-oopsla01,
  author    = {Robert Bruce Findler and
               Matthias Felleisen},
  title     = {Contract Soundness for Object-Oriented Languages},
  booktitle = {OOPSLA},
  year      = {2001},
  note  = {doi:\doi{10.1145/504282.504283}},
  xxpages     = {1-15},
  xxee        = {http://doi.acm.org/10.1145/504282.504283},
}

@inproceedings{ff-icfp02,
  author    = {Robert Bruce Findler and
               Matthias Felleisen},
  title     = {Contracts for higher-order functions},
  year      = {2002},
  note  = {doi:\doi{10.1145/581478.581484}},
xxpages     = {48-59},
  xxee        = {http://doi.acm.org/10.1145/581478.581484},
  xxcrossref  = {DBLP:conf/icfp/2002},
  xxbibsource = {DBLP, http://dblp.uni-trier.de},
  booktitle     = {ICFP},
}

@inproceedings{fff-ecoop04,
  author    = {Robert Bruce Findler and
               Matthew Flatt and
               Matthias Felleisen},
  title     = {Semantic Casts: Contracts and Structural Subtyping in a
               Nominal World},
  year      = {2004},
  xxpages   = {364-388},
  xxee      = {http://dx.doi.org/10.1007/978-3-540-24851-4_17},
  note={doi:\doi{10.1007/978-3-540-24851-4_17}},
  booktitle = {ECOOP} }

@inproceedings{tf-popl08,
  author    = {Sam Tobin-Hochstadt and
               Matthias Felleisen},
  title     = {The design and implementation of typed {Scheme}},
  year      = {2008},
  xxpages     = {395-406},
  xxee        = {http://doi.acm.org/10.1145/1328438.1328486},
  note = {doi:\doi{10.1145/1328438.1328486}},
  booktitle     = {POPL} }



@inproceedings{SiekTaha07,
  title = {Gradual Typing for Objects},
  author = {Jeremy Siek and Walid Taha},
 booktitle = {ECOOP},
  year = {2007},
  XXpages = {2--27},
  doi = {10.1007/978-3-540-73589-2_2},
  note = {doi:\doi{10.1007/978-3-540-73589-2_2}},
}

@inproceedings{siek14,
 author = {Vitousek, Michael M. and Kent, Andrew M. and Siek, Jeremy G. and Baker, Jim},
 title = {Design and Evaluation of Gradual Typing for {P}ython},
 booktitle = {DLS},
 year = {2014},
 isbn = {978-1-4503-3211-8},
 location = {Portland, Oregon, USA},
 xxpages = {45--56},
 xxnumpages = {12},
 url = {http://doi.acm.org/10.1145/2661088.2661101},
 doi = {10.1145/2661088.2661101},
 note = {doi:\doi{10.1145/2661088.2661101}},
 xxacmid = {2661101},
 xxpublisher = {ACM},
 xxaddress = {New York, NY, USA},
 xxkeywords = {case study, gradual typing, proxy, python},
} 



@inproceedings{popl10,
  author    = {Tobias Wrigstad and
               Zappa Nardelli, Francesco and
               Sylvain Lebresne and
               Johan {\"O}stlund and
               Jan Vitek},
  title     = {Integrating typed and untyped code in a scripting language},
  year      = 2010,
  xxxpages     = {377-388},
  booktitle = {POPL},
  note={doi:\doi{10.1145/1706299.1706343}},
  }



@article{Gapeyev:2002,
    author = {Vladimir Gapeyev and Michael Levin and Benjamin Pierce},
    title = {Recursive Subtyping Revealed},
    journal = {Journal of Functional Programming},
    year = {2002},
    volume = {12},
    number = {6},
    pages = {511-548},
    note = {doi:\doi{10.1017/S0956796802004318}},
}

@inproceedings{ecoop11,
  title = "The Eval that Men Do: A Large-scale Study of the Use of Eval in {JavaScript} Applications",
  author = "Gregor Richards and	Christian Hammer and Brian Burg and Jan Vitek",
  year = 2011,
  booktitle = "ECOOP",
  doi = {10.1007/978-3-642-22655-7_4},
  note={doi:\doi{10.1007/978-3-642-22655-7_4}},
  }

@article{FJ,
 author = {Atsushi Igarashi and Benjamin C. Pierce and Philip Wadler},
 title = {{F}eatherweight {J}ava: a minimal core calculus for {J}ava and
                  {GJ}},
 journal = {ACM Trans. Program. Lang. Syst.},
 volume = {23},
 number = {3},
 year = {2001},
 note = {doi:\doi{10.1145/503502.503505}},
 }

@misc{crockford,
        Author = { Douglas Crockford},
     title = {Classical inheritance in {J}ava{S}cript},
howpublished = {\url{http://www.crockford.com/javascript/inheritance.html}}
}


@inproceedings{safe-typescript,
 author={Aseem Rastogi and Nikhil Swamy and Cedric Fournet and Gavin Bierman and Panagiotis Vekris},
 booktitle={POPL},
 title={Safe and Efficient Gradual Typing for {T}ype{S}cript},
 year=2015,
 note={doi:\doi{10.1145/2676726.2676971}},
 }

@inproceedings{findler-hof,
  title={Contracts for higher-order functions},
  author={Findler, Robert Bruce and Felleisen, Matthias},
  booktitle={ACM SIGPLAN Notices},
  year={2002},
  organization={ACM}
}v

@inproceedings{designeval-python,
  title={Design and evaluation of gradual typing for Python},
  author={Vitousek, Michael M and Kent, Andrew M and Siek, Jeremy G and Baker, Jim},
  booktitle={ACM SIGPLAN Notices},
  year={2014},
  organization={ACM}
}

@inproceedings{practical-gt,
  title={Towards practical gradual typing},
  author={Takikawa, Asumu and Feltey, Daniel and Dean, Earl and Flatt, Matthew and Findler, Robert Bruce and Tobin-Hochstadt, Sam and Felleisen, Matthias},
  booktitle={LIPIcs-Leibniz International Proceedings in Informatics},
  volume={37},
  year={2015},
  organization={Schloss Dagstuhl-Leibniz-Zentrum fuer Informatik}
}

@article{lti-pierce,
  title={Local type inference},
  author={Pierce, Benjamin C and Turner, David N},
  journal={ACM Transactions on Programming Languages and Systems (TOPLAS)},
  year={2000},
  publisher={ACM}
}

@inproceedings{bidir-typing,
  title={Complete and easy bidirectional typechecking for higher-rank polymorphism},
  author={Dunfield, Joshua and Krishnaswami, Neelakantan R},
  booktitle={ACM SIGPLAN Notices},
  year={2013},
  organization={ACM}
}
