@techreport{plt-tr1,
  title       = {Reference: Racket},
  author      = {Matthew Flatt and PLT},
  number      = {PLT-TR-2010-1},
  institution = {PLT Design Inc.},
  year        = {2010},
  note        = {\url{http://racket-lang.org/tr1/}}
}


@article{Gapeyev:2002,
    author = {Vladimir Gapeyev and Michael Levin and Benjamin Pierce},
    title = {Recursive Subtyping Revealed},
    booktitle = {Journal of Functional Programming},
    year = {2002},
    volume = {12},
    number = {6},
    pages = {511-548},
}

@book{ECMA-262-3rd,
	Address = {Geneva, Switzerland},
	Author = {International, ECMA},
	Date-Added = {2010-12-11 15:49:21 -0500},
	Date-Modified = {2010-12-11 15:49:36 -0500},
	Edition = {Third},
	Keywords = {ecmascript, javascript, programming},
	Month = {December},
	Posted-At = {2008-09-19 09:19:05},
	Priority = {0},
	Publisher = {ECMA (European Association for Standardizing Information and Communication Systems)},
	Title = {ECMA-262: ECMAScript Language Specification},
	Url = {http://www.ecma-international.org/publications/standards/Ecma-327.htm},
	Year = {1999},
	Bdsk-Url-1 = {http://www.ecma-international.org/publications/standards/Ecma-327.htm}}

@article{chambers89,
	Address = {New York, NY, USA},
	Author = {Chambers, C. and Ungar, D. and Lee, E.},
	Doi = {10.1145/74878.74884},
	Issn = {0362-1340},
	Journal = {SIGPLAN Not.},
	Number = {10},
	Pages = {49--70},
	Publisher = {ACM},
	Title = {An efficient implementation of {SELF} a dynamically-typed object-oriented language based on prototypes},
	Volume = {24},
	Year = {1989},
	Bdsk-Url-1 = {10.1145/74878.74884}}

@misc{millikin08,
	Author = {{Millikin, K.}},
	Note = {\url{http://www.youtube.com/watch?v=lZnaaUoHPhs}},
	Title = {{V8}}}

@book{ECMA-262,
	xxAddress = {Geneva, Switzerland},
	Author = {{European Association for Standardizing Information and Communication Systems (ECMA)}},
	Edition = {Fifth},
	Month = {December},
	xxPublisher = {European Association for Standardizing Information and Communication Systems (ECMA)},
	Title = {ECMA-262: ECMAScript Language Specification},
	Url = {http://www.ecma-international.org/publications/standards/Ecma-262.htm},
	Year = {2009}}


@techreport{JSON,
	Author = {Crockford, Douglas},
	Howpublished = {IETF RFC},
	Keywords = {javascript, slicefactory, standard},
	Organization = {IETF},
	Posted-At = {2008-12-17 13:42:18},
	Priority = {2},
	Publisher = {IETF},
	Title = {RFC 4627 - The application/json Media Type for {J}ava{S}cript {O}bject {N}otation ({JSON})},
	Url = {http://tools.ietf.org/html/rfc4627},
	Bdsk-Url-1 = {http://tools.ietf.org/html/rfc4627}}

@inproceedings{yuewang,
	Author = {Chuan Yue and Haining Wang},
	Booktitle = {World Wide Web Conference (WWW)},
	xxMonth = {April},
	xxPages = {961--961},
	Title = {Characterizing Insecure {J}ava{S}cript Practices on the Web},
	Url = {http://www2009.eprints.org/97/},
	Year = {2009}}

@inproceedings{caffeinemonkey,
	xxAddress = {Las Vegas, NV, USA},
	Author = {Feinstein, Ben and Peck, Daniel},
	Booktitle = {Black Hat USA},
	Title = {{CaffeineMonkey}: Automated Collection, Detection and Analysis of Malicious {JavaScript}},
	Year = {2007}}

@inproceedings{jsmeter,
	Author = {Paruj Ratanaworabhan and Benjamin Livshits and Benjamin Zorn},
	Booktitle = {Conference on Web Application Development (WebApps)},
	Month = jun,
	Title = {{JSMeter}: Comparing the Behavior of {J}ava{S}cript Benchmarks with Real Web Applications},
	Year = 2010}

@misc{crockford,
        Author = { Douglas Crockford},
     title = {Classical inheritance in {J}ava{S}cript},
howpublished = {\url{http://www.crockford.com/javascript/inheritance.html}}
}
